<?xml version="1.0" encoding="UTF-8"?>
<OAI-PMH xmlns="http://www.openarchives.org/OAI/2.0/" xmlns:xsi="http://www.w3.org/2001/XMLSchema-instance" xsi:schemaLocation="http://www.openarchives.org/OAI/2.0/ http://www.openarchives.org/OAI/2.0/OAI-PMH.xsd">
  <ListRecords>
    <record>
      <header>
        <identifier>aleph-publish:001838193</identifier>
      </header>
      <metadata>
        <record xmlns="http://www.ddb.de/professionell/mabxml/mabxml-1.xsd">
          <leader>00886nM2.01200024------h</leader>
          <controlfield tag="LDR">00886nM2.01200024------h</controlfield>
          <controlfield tag="FMT">MH</controlfield>
          <datafield tag="001" ind1="-" ind2="1">
            <subfield code="a">HT018848546</subfield>
          </datafield>
          <datafield tag="002" ind1="a" ind2="1">
            <subfield code="a">20160105</subfield>
          </datafield>
          <datafield tag="020" ind1="b" ind2="1">
            <subfield code="a">825627605</subfield>
          </datafield>
          <datafield tag="026" ind1="-" ind2="1">
            <subfield code="a">GBV825627605</subfield>
          </datafield>
          <datafield tag="026" ind1="h" ind2="1">
            <subfield code="a">825627605</subfield>
          </datafield>
          <controlfield tag="030">a|zur||||||37</controlfield>
          <datafield tag="036" ind1="a" ind2="1">
            <subfield code="a">XA-ES</subfield>
          </datafield>
          <datafield tag="037" ind1="b" ind2="1">
            <subfield code="a">spa</subfield>
          </datafield>
          <controlfield tag="050">||||||||d|||||</controlfield>
          <controlfield tag="051">m|||||||</controlfield>
          <datafield tag="060" ind1="-" ind2="1">
            <subfield code="b">spw</subfield>
            <subfield code="a">gesprochenes Wort</subfield>
          </datafield>
          <datafield tag="060" ind1="-" ind2="1">
            <subfield code="b">tdi</subfield>
            <subfield code="a">zweidimensionales bewegtes Bild</subfield>
          </datafield>
          <datafield tag="061" ind1="-" ind2="1">
            <subfield code="b">v</subfield>
            <subfield code="a">video</subfield>
          </datafield>
          <datafield tag="062" ind1="-" ind2="1">
            <subfield code="b">vd</subfield>
            <subfield code="a">Videodisk</subfield>
          </datafield>
          <datafield tag="064" ind1="b" ind2="1">
            <subfield code="a">DVD-Video</subfield>
            <subfield code="9">(DE-588)4585125-6</subfield>
          </datafield>
          <datafield tag="070" ind1="-" ind2="1">
            <subfield code="a">466</subfield>
          </datafield>
          <datafield tag="080" ind1="-" ind2="1">
            <subfield code="a">60</subfield>
          </datafield>
          <datafield tag="100" ind1="b" ind2="1">
            <subfield code="p">Iglesias, Carlos</subfield>
            <subfield code="d">1955-</subfield>
            <subfield code="9">(DE-588)137092563</subfield>
            <subfield code="4">fmd</subfield>
            <subfield code="3">Filmregisseur</subfield>
          </datafield>
          <datafield tag="104" ind1="b" ind2="1">
            <subfield code="p">Benito, Mario &lt;&lt;de&gt;&gt;</subfield>
            <subfield code="d">1958-</subfield>
            <subfield code="9">(DE-588)1050206738</subfield>
            <subfield code="4">cmp</subfield>
            <subfield code="3">Komponist</subfield>
          </datafield>
          <datafield tag="108" ind1="b" ind2="1">
            <subfield code="p">Trenas, Tote</subfield>
            <subfield code="9">(DE-588)130209015</subfield>
            <subfield code="4">vdg</subfield>
            <subfield code="3">Bildregisseur</subfield>
          </datafield>
          <datafield tag="112" ind1="b" ind2="1">
            <subfield code="p">Medina, Nieve &lt;&lt;de&gt;&gt;</subfield>
            <subfield code="d">1962-</subfield>
            <subfield code="9">(DE-588)137092806</subfield>
            <subfield code="4">act</subfield>
            <subfield code="3">Schauspieler</subfield>
          </datafield>
          <datafield tag="116" ind1="b" ind2="1">
            <subfield code="p">Gutiérrez Álvarez, Javier</subfield>
            <subfield code="d">1971-</subfield>
            <subfield code="9">(DE-588)137092768</subfield>
            <subfield code="4">act</subfield>
            <subfield code="3">Schauspieler</subfield>
          </datafield>
          <datafield tag="120" ind1="b" ind2="1">
            <subfield code="a">Salto, Ángela &lt;&lt;del&gt;&gt;</subfield>
            <subfield code="4">act</subfield>
            <subfield code="3">Schauspieler</subfield>
          </datafield>
          <datafield tag="331" ind1="-" ind2="1">
            <subfield code="a">Un franco, 14 pesetas</subfield>
          </datafield>
          <datafield tag="335" ind1="-" ind2="1">
            <subfield code="a">emprendían mucho más que un viaje ; iniciaban el camino hacia una nueva vida</subfield>
          </datafield>
          <datafield tag="359" ind1="-" ind2="1">
            <subfield code="a">Javier Gutierrez ; Nieve de Medina ; Ángela del Salto. Una película dirigada por Carlos Iglesias. Música Mario de Benito ; director de fotografía Tote Trenas</subfield>
          </datafield>
          <datafield tag="419" ind1="-" ind2="1">
            <subfield code="a">España</subfield>
            <subfield code="b">cameo</subfield>
            <subfield code="c">2015</subfield>
          </datafield>
          <datafield tag="419" ind1="b" ind2="1">
            <subfield code="b">Avalon</subfield>
          </datafield>
          <datafield tag="425" ind1="a" ind2="1">
            <subfield code="a">2015</subfield>
          </datafield>
          <datafield tag="433" ind1="-" ind2="1">
            <subfield code="a">1 DVD-Video (102 min. Extras: 16 min) : color, 4/3 (2.35:1) ; 12 cm</subfield>
          </datafield>
          <datafield tag="501" ind1="-" ind2="1">
            <subfield code="a">Original: Spanien 2006</subfield>
          </datafield>
          <datafield tag="516" ind1="-" ind2="1">
            <subfield code="p">Sprachen</subfield>
            <subfield code="a">Castellano. - Untertitel deutsch, französisch und englisch</subfield>
          </datafield>
          <datafield tag="551" ind1="a" ind2="1">
            <subfield code="a">1775</subfield>
          </datafield>
          <controlfield tag="SYS">001838193</controlfield>
          <datafield tag="PPE" ind1="-" ind2="1">
            <subfield code="p">Fernández Trenas, Tote</subfield>
            <subfield code="9">(DE-588)130209015</subfield>
          </datafield>
          <datafield tag="PPE" ind1="-" ind2="1">
            <subfield code="p">Trenas Fernández, Tote</subfield>
            <subfield code="9">(DE-588)130209015</subfield>
          </datafield>
          <datafield tag="PPE" ind1="-" ind2="1">
            <subfield code="p">Fernández Trenas, Tote</subfield>
            <subfield code="9">(DE-588)130209015</subfield>
          </datafield>
          <datafield tag="PPE" ind1="-" ind2="1">
            <subfield code="p">Trenas Fernández, Tote</subfield>
            <subfield code="9">(DE-588)130209015</subfield>
          </datafield>
          <datafield tag="PPE" ind1="-" ind2="1">
            <subfield code="p">Gutiérrez-Álvarez, Javier</subfield>
            <subfield code="d">1971-</subfield>
            <subfield code="9">(DE-588)137092768</subfield>
          </datafield>
          <datafield tag="PPE" ind1="-" ind2="1">
            <subfield code="p">Álvarez, Javier Gutiérrez</subfield>
            <subfield code="d">1971-</subfield>
            <subfield code="9">(DE-588)137092768</subfield>
          </datafield>
          <datafield tag="PPE" ind1="-" ind2="1">
            <subfield code="p">Gutiérrez, Javier</subfield>
            <subfield code="d">1971-</subfield>
            <subfield code="9">(DE-588)137092768</subfield>
          </datafield>
          <datafield tag="PPE" ind1="-" ind2="1">
            <subfield code="p">Gutiérrez-Álvarez, Javier</subfield>
            <subfield code="d">1971-</subfield>
            <subfield code="9">(DE-588)137092768</subfield>
          </datafield>
          <datafield tag="PPE" ind1="-" ind2="1">
            <subfield code="p">Álvarez, Javier Gutiérrez</subfield>
            <subfield code="d">1971-</subfield>
            <subfield code="9">(DE-588)137092768</subfield>
          </datafield>
          <datafield tag="PPE" ind1="-" ind2="1">
            <subfield code="p">Gutiérrez, Javier</subfield>
            <subfield code="d">1971-</subfield>
            <subfield code="9">(DE-588)137092768</subfield>
          </datafield>
          <datafield tag="PPE" ind1="-" ind2="1">
            <subfield code="p">Gutiérrez-Álvarez, Javier</subfield>
            <subfield code="d">1971-</subfield>
            <subfield code="9">(DE-588)137092768</subfield>
          </datafield>
          <datafield tag="PPE" ind1="-" ind2="1">
            <subfield code="p">Álvarez, Javier Gutiérrez</subfield>
            <subfield code="d">1971-</subfield>
            <subfield code="9">(DE-588)137092768</subfield>
          </datafield>
          <datafield tag="PPE" ind1="-" ind2="1">
            <subfield code="p">Gutiérrez, Javier</subfield>
            <subfield code="d">1971-</subfield>
            <subfield code="9">(DE-588)137092768</subfield>
          </datafield>
          <datafield tag="PPE" ind1="-" ind2="1">
            <subfield code="p">Fernández Trenas, Tote</subfield>
            <subfield code="9">(DE-588)130209015</subfield>
          </datafield>
          <datafield tag="PPE" ind1="-" ind2="1">
            <subfield code="p">Trenas Fernández, Tote</subfield>
            <subfield code="9">(DE-588)130209015</subfield>
          </datafield>
          <datafield tag="078" ind1="r" ind2=" ">
            <subfield code="a">film</subfield>
          </datafield>
          <datafield tag="700" ind1=" " ind2=" ">
            <subfield code="a">KNLI</subfield>
          </datafield>
          <datafield tag="OWN" ind1=" " ind2=" ">
            <subfield code="a">P0001</subfield>
            <subfield code="n">466 - Paderborn: UB</subfield>
          </datafield>
          <datafield tag="LOC" ind1=" " ind2=" ">
            <subfield code="m">AVMAT</subfield>
            <subfield code="a">P0001</subfield>
            <subfield code="b">97</subfield>
            <subfield code="d">KNLI1087</subfield>
            <subfield code="i">16/136</subfield>
            <subfield code="n">27</subfield>
            <subfield code="k">20160105</subfield>
            <subfield code="5">1812792-10</subfield>
          </datafield>
        </record>
      </metadata>
    </record>
  </ListRecords>
</OAI-PMH>
